%% LaTeX2e file `biblio.bib'
%% generated by the `filecontents' environment
%% from source `PA2_writeup' on 2018/02/01.
%%
@inproceedings{LeCun:1998:EB:645754.668382,
 author = {LeCun, Yann and Bottou, L{\'e}on and Orr, Genevieve B. and M\"{u}ller, Klaus-Robert},
 title = {Efficient BackProp},
 booktitle = {Neural Networks: Tricks of the Trade, This Book is an Outgrowth of a 1996 NIPS Workshop},
 year = {1998},
 isbn = {3-540-65311-2},
 pages = {9--50},
 numpages = {42},
 url = {http://dl.acm.org/citation.cfm?id=645754.668382},
 acmid = {668382},
 publisher = {Springer-Verlag},
 address = {London, UK, UK},
}
